% This file was created with JabRef 2.3.1.
% Encoding: UTF8

@Article{SFAXI2015,
author = {Lilia Sfaxi and Souheib Yousfi},
title = {Pour bien écrire un rapport},
journal = {Département Math-info},
year = {2015},
}

@Book{YOUSFI2015,
author = {Souheib Yousfi and Lilia Sfaxi},
editor = {INSAT},
title = {Rapport Latex},
publisher = {Département Math-info},
year = {2015},
}

@misc{Latex,
  author = {Mr. Latex},
  title = {{Débuter avec Latex}},
  howpublished = "\url{www.latex.com}",
  year = {2008}, 
  note = "[En ligne; consulté le 19-Juillet-2008]"
}

